@article{
  Aad:2012tfa,
  author         = "Aad, Georges and others",
  title          = "{Observation of a new particle in the search for the
    Standard Model Higgs boson with the ATLAS detector at the
    LHC}",
  collaboration  = "ATLAS",
  journal        = "Phys. Lett.",
  volume         = "B716",
  year           = "2012",
  pages          = "1-29",
  doi            = "10.1016/j.physletb.2012.08.020",
  eprint         = "1207.7214",
  archivePrefix  = "arXiv",
  primaryClass   = "hep-ex",
  reportNumber   = "CERN-PH-EP-2012-218",
  SLACcitation   = "%%CITATION = ARXIV:1207.7214;%%"
}

@INPROCEEDINGS{
  990517, 
  author={P. Viola and M. Jones}, 
  booktitle={Proceedings of the 2001 IEEE Computer Society Conference on Computer Vision and Pattern Recognition. CVPR 2001}, 
  title={Rapid object detection using a boosted cascade of simple features}, 
  year={2001}, 
  volume={1}, 
  number={}, 
  pages={I-511-I-518 vol.1}, 
  doi={10.1109/CVPR.2001.990517}, 
  ISSN={1063-6919}, 
  month={},}

@book{2013古事記完全講義,
  title={古事記完全講義},
  isbn={9784054057920},
  url={https://books.google.co.jp/books?id=gdctnwEACAAJ},
  year={2013},
  publisher={学研パブリッシング}
}